@inproceedings{conf/aaaiss/SchlerKAP06,
  added-at = {2012-02-18T00:00:00.000+0100},
  author = {Schler, Jonathan and Koppel, Moshe and Argamon, Shlomo and Pennebaker, James W.},
  biburl = {https://www.bibsonomy.org/bibtex/269a35041de6245b9e9483cd6a1bc1440/dblp},
  booktitle = {AAAI Spring Symposium: Computational Approaches to Analyzing Weblogs},
  crossref = {conf/aaaiss/2006-3},
  ee = {http://www.aaai.org/Library/Symposia/Spring/2006/ss06-03-039.php},
  interhash = {33f68e53dc5a5fd4303b7d42e8044382},
  intrahash = {69a35041de6245b9e9483cd6a1bc1440},
  keywords = {dblp},
  pages = {199-205},
  publisher = {AAAI},
  timestamp = {2012-02-21T11:36:48.000+0100},
  title = {Effects of Age and Gender on Blogging.},
  year = 2006
}

@article{gorodnichenko2021social,
  title={Social media, sentiment and public opinions: Evidence from\# Brexit and\# USElection},
  author={Gorodnichenko, Yuriy and Pham, Tho and Talavera, Oleksandr},
  volume={136},
  pages={103772},
  year={2017},
  publisher={Elsevier}
}


@article{ferrara2017disinformation,
  title={Disinformation and social bot operations in the run up to the 2017 French presidential election},
  author={Ferrara, Emilio},
  journal={arXiv preprint arXiv:1707.00086},
  year={2017}
}

@article{sanovich2018turning,
  title={Turning the virtual tables: Government strategies for addressing online opposition with an application to Russia},
  author={Sanovich, Sergey and Stukal, Denis and Tucker, Joshua A},
  journal={Comparative politics},
  volume={50},
  number={3},
  pages={435--482},
  year={2018},
  publisher={City University of New York}
}

@article{ferrara2016rise,
  title={The rise of social bots},
  author={Ferrara, Emilio and Varol, Onur and Davis, Clayton and Menczer, Filippo and Flammini, Alessandro},
  journal={Communications of the ACM},
  volume={59},
  number={7},
  pages={96--104},
  year={2016},
  publisher={ACM New York, NY, USA}
}

@article{Shao_2018,
   title={The spread of low-credibility content by social bots},
   volume={9},
   ISSN={2041-1723},
   number={1},
   journal={Nature Communications},
   publisher={Springer Science and Business Media LLC},
   author={Shao, Chengcheng and Ciampaglia, Giovanni Luca and Varol, Onur and Yang, Kai-Cheng and Flammini, Alessandro and Menczer, Filippo},
   year={2018},
   month=nov }

@inproceedings{Davis_2016, series={WWW ’16 Companion},
   title={BotOrNot: A System to Evaluate Social Bots},
   publisher={ACM Press},
   author={Davis, Clayton Allen and Varol, Onur and Ferrara, Emilio and Flammini, Alessandro and Menczer, Filippo},
   year={2016},
   collection={WWW ’16 Companion} }
